<?xml version="1.0" encoding="UTF-8"?><record xmlns="http://www.loc.gov/MARC21/slim" xmlns:cinclude="http://apache.org/cocoon/include/1.0" xmlns:zs="http://www.loc.gov/zing/srw/">
  <leader>00873cz  a2200205n  4500</leader>
  <controlfield tag="001">n  91119380 </controlfield>
  <controlfield tag="003">DLC</controlfield>
  <controlfield tag="005">20160315075459.0</controlfield>
  <controlfield tag="008">911122n| azannaabn          |n aaa      </controlfield>
  <datafield tag="010" ind1=" " ind2=" ">
    <subfield code="a">n  91119380 </subfield>
  </datafield>
  <datafield tag="035" ind1=" " ind2=" ">
    <subfield code="a">(OCoLC)oca03063977</subfield>
  </datafield>
  <datafield tag="040" ind1=" " ind2=" ">
    <subfield code="a">DLC</subfield>
    <subfield code="b">eng</subfield>
    <subfield code="e">rda</subfield>
    <subfield code="c">DLC</subfield>
    <subfield code="d">DLC</subfield>
    <subfield code="d">ViFGM</subfield>
  </datafield>
  <datafield tag="046" ind1=" " ind2=" ">
    <subfield code="f">1947-04-06</subfield>
    <subfield code="2">edtf</subfield>
  </datafield>
  <datafield tag="100" ind1="1" ind2=" ">
    <subfield code="a">Plantz, Margaret C.</subfield>
  </datafield>
  <datafield tag="370" ind1=" " ind2=" ">
    <subfield code="c">United States</subfield>
    <subfield code="2">naf</subfield>
  </datafield>
  <datafield tag="375" ind1=" " ind2=" ">
    <subfield code="a">female</subfield>
  </datafield>
  <datafield tag="377" ind1=" " ind2=" ">
    <subfield code="a">eng</subfield>
  </datafield>
  <datafield tag="670" ind1=" " ind2=" ">
    <subfield code="a">Albrecht, K. Developmentally appropriate practice in school-age child care programs, 1991:</subfield>
    <subfield code="b">t.p. (Margaret C. Plantz)</subfield>
  </datafield>
  <datafield tag="670" ind1=" " ind2=" ">
    <subfield code="a">Albrecht, K. M. Developmentally appropriate practice in school ... 1993:</subfield>
    <subfield code="b">CIP t.p. (Margaret C. Plantz) data sheet (b. 04-06-47)</subfield>
  </datafield>
  <datafield tag="670" ind1=" " ind2=" ">
    <subfield code="a">Investments in evaluation, evaluation grants funded under the HDS Coordinated Discretionary Funds Program, FY1982-FY1984, 1985:</subfield>
    <subfield code="b">prelim. page 1 (Margaret C. Plantz, Ph.D)</subfield>
  </datafield>
</record>